<record><leader>00000cas a22000007a 4500</leader><controlfield tag="001">12396432</controlfield><controlfield tag="008">850817d18781920paudr ne      0    0eng d</controlfield><datafield ind1=" " ind2=" " tag="010"><subfield code="a">sn 85038418 </subfield></datafield><datafield ind1=" " ind2=" " tag="040"><subfield code="a">NPY</subfield><subfield code="b">eng</subfield><subfield code="c">NPY</subfield><subfield code="d">DLC</subfield><subfield code="d">NPH</subfield><subfield code="d">OCLCQ</subfield></datafield><datafield ind1=" " ind2=" " tag="042"><subfield code="a">msc</subfield></datafield><datafield ind1="0" ind2="4" tag="245"><subfield code="a">The Erie evening herald.</subfield></datafield><datafield ind1="3" ind2="0" tag="246"><subfield code="a">Erie Sunday herald</subfield></datafield><datafield ind1=" " ind2=" " tag="260"><subfield code="a">Erie, Pa. :</subfield><subfield code="b">[s.n.]</subfield></datafield><datafield ind1=" " ind2=" " tag="300"><subfield code="a">v. :</subfield><subfield code="b">ill. ;</subfield><subfield code="c">61 cm.</subfield></datafield><datafield ind1=" " ind2=" " tag="310"><subfield code="a">Daily,</subfield><subfield code="b">&lt;1915-</subfield></datafield><datafield ind1=" " ind2=" " tag="321"><subfield code="a">Daily (except Sun.),</subfield><subfield code="b">&lt;1879&gt;</subfield></datafield><datafield ind1="1" ind2=" " tag="362"><subfield code="a">Began with July 20, 1878 issue; ceased in 1920.</subfield></datafield><datafield ind1=" " ind2=" " tag="500"><subfield code="a">Publisher: Erie Herald Pub. Co., &lt;1888&gt;; Herald Print. and Pub. Co., &lt;1907&gt;.</subfield></datafield><datafield ind1=" " ind2=" " tag="500"><subfield code="a">Published on Sunday as: Erie Sunday herald, &lt;1915-&gt;.</subfield></datafield><datafield ind1=" " ind2=" " tag="588"><subfield code="a">Description based on: Vol. 1, no. 299 (July 9, 1879).</subfield></datafield><datafield ind1=" " ind2=" " tag="752"><subfield code="a">United States</subfield><subfield code="b">Pennsylvania</subfield><subfield code="c">Erie</subfield><subfield code="d">Erie.</subfield></datafield><datafield ind1="0" ind2=" " tag="775"><subfield code="t">Erie weekly herald</subfield><subfield code="w">(DLC)sn 89077020</subfield></datafield><datafield ind1="0" ind2="5" tag="780"><subfield code="t">Sunday messenger-graphic</subfield><subfield code="w">(DLC)sn 88079556</subfield></datafield><datafield ind1="0" ind2="0" tag="785"><subfield code="t">Erie daily herald</subfield><subfield code="w">(DLC)sn 89077016</subfield></datafield></record>